<record><leader>00000cas a2200000 a 4500</leader><controlfield tag="001">25321998</controlfield><controlfield tag="008">920224d1uuu1978iluwr ne      0    0eng c</controlfield><datafield ind1=" " ind2=" " tag="010"><subfield code="a">sn 92054454 </subfield></datafield><datafield ind1=" " ind2=" " tag="040"><subfield code="a">NVF</subfield><subfield code="b">eng</subfield><subfield code="c">NVF</subfield><subfield code="d">OCLCQ</subfield><subfield code="d">NVF</subfield><subfield code="d">OCLCQ</subfield><subfield code="d">OCLCF</subfield><subfield code="d">OCLCO</subfield></datafield><datafield ind1="1" ind2=" " tag="029"><subfield code="a">AU@</subfield><subfield code="b">000025901241</subfield></datafield><datafield ind1=" " ind2=" " tag="042"><subfield code="a">pcc</subfield></datafield><datafield ind1=" " ind2=" " tag="043"><subfield code="a">n-us-il</subfield></datafield><datafield ind1="0" ind2=" " tag="130"><subfield code="a">Vandalia leader (Vandalia, Ill.)</subfield></datafield><datafield ind1="1" ind2="4" tag="245"><subfield code="a">The Vandalia leader.</subfield></datafield><datafield ind1=" " ind2=" " tag="260"><subfield code="a">Vandalia, Fayette County, Ill. :</subfield><subfield code="b">C.F. Coleman,</subfield><subfield code="c">-1978.</subfield></datafield><datafield ind1=" " ind2=" " tag="300"><subfield code="a">v.</subfield></datafield><datafield ind1=" " ind2=" " tag="310"><subfield code="a">Weekly</subfield></datafield><datafield ind1="0" ind2=" " tag="362"><subfield code="a">-87th year, no. 52 (Dec. 28, 1978).</subfield></datafield><datafield ind1=" " ind2=" " tag="580"><subfield code="a">Other weekly ed.: Vandalia union (Vandalia, Ill. : 1888), 1958-1978.</subfield></datafield><datafield ind1=" " ind2=" " tag="580"><subfield code="a">Merged with: Vandalia union (Vandalia, Ill. : 1888), to form: Vandalia leader-union.</subfield></datafield><datafield ind1=" " ind2=" " tag="588"><subfield code="a">Description based on: Vol. 23, no. 13 (Feb. 29, 1912).</subfield></datafield><datafield ind1=" " ind2="0" tag="651"><subfield code="a">Vandalia (Ill.)</subfield><subfield code="v">Newspapers.</subfield></datafield><datafield ind1=" " ind2="7" tag="655"><subfield code="a">Newspapers.</subfield><subfield code="2">fast</subfield><subfield code="0">(OCoLC)fst01423814</subfield></datafield><datafield ind1=" " ind2="7" tag="651"><subfield code="a">Illinois</subfield><subfield code="z">Vandalia.</subfield><subfield code="2">fast</subfield><subfield code="0">(OCoLC)fst01250146</subfield></datafield><datafield ind1=" " ind2=" " tag="752"><subfield code="a">United States</subfield><subfield code="b">Illinois</subfield><subfield code="c">Fayette</subfield><subfield code="d">Vandalia.</subfield></datafield><datafield ind1="1" ind2=" " tag="775"><subfield code="t">Vandalia union (Vandalia, Ill. : 1888)</subfield><subfield code="w">(DLC)sn 90061485</subfield><subfield code="w">(OCoLC)22503384</subfield></datafield><datafield ind1="1" ind2="7" tag="785"><subfield code="t">Vandalia union (Vandalia, Ill. : 1888)</subfield><subfield code="w">(DLC)sn 90061485</subfield><subfield code="w">(OCoLC)22503384</subfield></datafield><datafield ind1="1" ind2="7" tag="785"><subfield code="t">Vandalia leader-union</subfield><subfield code="w">(DLC)sn 92054455</subfield><subfield code="w">(OCoLC)25322043</subfield></datafield></record>